@misc{linton2020,
   author = {Linton, Natalie M. and Kobayashi, Tetsuro and Yang, Yichi and Hayashi, Katsuma and Akhmetzhanov, Andrei R. and Jung, Sung-mok and Yuan, Baoyin and Kinoshita, Ryo and Nishiura, Hiroshi},
   title = {Incubation Period and Other Epidemiological Characteristics of 2019 Novel Coronavirus Infections with Right Truncation: A Statistical Analysis of Publicly Available Case Data},
   volume = {9},
   number = {2},
   ISBN = {2077-0383},
   DOI = {10.3390/jcm9020538},
   year = {2020},
   type = {Electronic Article}
}

